<record xmlns="http://www.openarchives.org/OAI/2.0/" xmlns:xsi="http://www.w3.org/2001/XMLSchema-instance"><header><identifier>oai:alma.34CSIC_INST:990012230900204201</identifier><datestamp>2020-02-06T08:41:03Z</datestamp><setSpec>manuscripta</setSpec></header><metadata><record xmlns="http://www.loc.gov/MARC21/slim" xmlns:xsi="http://www.w3.org/2001/XMLSchema-instance" xsi:schemaLocation="http://www.loc.gov/MARC21/slim http://www.loc.gov/standards/marcxml/schema/MARC21slim.xsd"><leader>03236ntm a2200505 i 4500</leader><controlfield tag="005">20181031100338.0</controlfield><controlfield tag="008">100223s14uu    xx            000 0 heb d</controlfield><controlfield tag="001">990012230900204201</controlfield><datafield tag="035" ind1=" " ind2=" "><subfield code="a">CSIC001223090</subfield></datafield><datafield tag="035" ind1=" " ind2=" "><subfield code="a">(ES-MaCSI)001223090MAD01-Aleph</subfield></datafield><datafield tag="035" ind1=" " ind2=" "><subfield code="a">(OCoLC)1124071978
</subfield></datafield><datafield tag="040" ind1=" " ind2=" "><subfield code="a">ES-MaCSI</subfield><subfield code="b">spa</subfield></datafield><datafield tag="080" ind1=" " ind2=" "><subfield code="a">091(=411.16)</subfield></datafield><datafield tag="080" ind1=" " ind2=" "><subfield code="a">26-23</subfield></datafield><datafield tag="245" ind1="1" ind2="0"><subfield code="a">[Mahzor]</subfield><subfield code="h">[Manuscrito]</subfield></datafield><datafield tag="260" ind1=" " ind2=" "><subfield code="a">[S.l.],</subfield><subfield code="c">14--?.</subfield></datafield><datafield tag="300" ind1=" " ind2=" "><subfield code="a">275 f. (10-13 lín) ;</subfield><subfield code="c">7,5 x 9,2 cm.</subfield></datafield><datafield tag="490" ind1="0" ind2=" "><subfield code="a">Manuscripta</subfield></datafield><datafield tag="500" ind1=" " ind2=" "><subfield code="a">Distribución línea tirada, 10-13 lín.</subfield></datafield><datafield tag="500" ind1=" " ind2=" "><subfield code="a">Pergamino</subfield></datafield><datafield tag="500" ind1=" " ind2=" "><subfield code="a">Incipit: אל מלך יושב על כסא רחמים</subfield></datafield><datafield tag="500" ind1=" " ind2=" "><subfield code="a">Con vocales</subfield></datafield><datafield tag="500" ind1=" " ind2=" "><subfield code="a">Lugar de escritura: Desconocido</subfield></datafield><datafield tag="500" ind1=" " ind2=" "><subfield code="a">Copista: Desconocido (2 copistas)</subfield></datafield><datafield tag="500" ind1=" " ind2=" "><subfield code="a">Características especiales: Vocal. Tiberiense. Particularidades propias de los libros de oraciones, como disposición ocasional del texto en col. Y uso de letra cuadrada de mayor tamaño en los inicios de sección y en textos determinados.</subfield></datafield><datafield tag="500" ind1=" " ind2=" "><subfield code="a">Tipo de cuaderno: Generalmente de 8 f., excepto en algunos casos: 8+8+8+8+8+8+8+8+8+1+6+8+8+8+8+8+8+8+8+6+4+8+8+8+8+8+8+8+8+8+8+8+8+8+8+2+1+1+8+8+1+4</subfield></datafield><datafield tag="500" ind1=" " ind2=" "><subfield code="a">Rayaduras visibles sólo en algunos f. a tinta diluida.</subfield></datafield><datafield tag="500" ind1=" " ind2=" "><subfield code="a">Buen estado de conservación</subfield></datafield><datafield tag="500" ind1=" " ind2=" "><subfield code="a">H en blanco: f. 104r.</subfield></datafield><datafield tag="500" ind1=" " ind2=" "><subfield code="a">H dañadas, mutiladas, sueltas: deteriorados y agujereados f. 78-80. Desencuadernados f. 129-135, 137, 154.</subfield></datafield><datafield tag="500" ind1=" " ind2=" "><subfield code="a">H faltan o añadidas: faltan f. (según los saltos de foliación)</subfield></datafield><datafield tag="500" ind1=" " ind2=" "><subfield code="a">Signatura antigua: D 19-20b/18, Reg. 69685. Heb. 1. CVI-M/102</subfield></datafield><datafield tag="546" ind1=" " ind2=" "><subfield code="a">Hebreo</subfield><subfield code="b">Escritura hebrea sefardí cuadrada</subfield></datafield><datafield tag="581" ind1=" " ind2=" "><subfield code="a">קינות על גזירות שנת קנא בספרד Pagis, D. Tarbiz 37 (1968), p. 355-373</subfield></datafield><datafield tag="515" ind1=" " ind2=" "><subfield code="a">Foliación antigua a tinta en números arábigos, del f. 2 al 295. Sin numerar [1] f. entre 31-32, [2] entre 76-77, [1] entre 99-100, [1] entre 181-182, [1] entre 241-242. Salto del f. 131 al 133, del 137 al 154, del 188 al 190, del 216 al 218, del 220 al 222, del 231 al 233 y del 250 al 259. Repetición de la numeración de los f. 167, 173, 237, 247.</subfield></datafield><datafield tag="563" ind1=" " ind2=" "><subfield code="a">Enc. en pasta marrón deteriorada, sólo se conservan las tapas; s. XVIII?</subfield></datafield><datafield tag="541" ind1="1" ind2=" "><subfield code="a">Procedencia: comunidad sefardita de Hamburgo y herederos de Francisco Fernández González.</subfield><subfield code="d">1950</subfield></datafield><datafield tag="510" ind1="0" ind2=" "><subfield code="a">Allony, Lista II; nº 1085. Cantera, "Serie II"; 42-47.</subfield></datafield><datafield tag="530" ind1=" " ind2=" "><subfield code="a">IMHM de Jerusalén</subfield></datafield><datafield tag="650" ind1="0" ind2="7"><subfield code="a">Judaísmo</subfield><subfield code="x">Liturgia.</subfield><subfield code="2">CSICAU</subfield></datafield><datafield tag="650" ind1=" " ind2="7"><subfield code="a">Manuscritos hebreos.</subfield><subfield code="2">CSICAU</subfield></datafield><datafield tag="740" ind1="0" ind2=" "><subfield code="a">Mahzor</subfield></datafield><datafield tag="830" ind1=" " ind2="0"><subfield code="a">Manuscripta</subfield></datafield><datafield tag="856" ind1="4" ind2="1"><subfield code="u">http://aleph.csic.es/imagenes/mad01/0006_PMSC/P_001223090_642856_V00.pdf</subfield><subfield code="z">Descargar Pdf completo. (56M)</subfield><subfield code="m">CSIC</subfield></datafield><datafield tag="856" ind1="4" ind2="1"><subfield code="u">http://simurg.bibliotecas.csic.es/viewer/image/CSIC001223090/1/</subfield><subfield code="z">Ver texto completo en SIMURG, el portal de fondos digitalizados del CSIC</subfield><subfield code="m">CSIC</subfield></datafield><datafield tag="856" ind1="4" ind2="1"><subfield code="u">http://aleph.csic.es/imagenes/mad01/0006_PMSC/html/001223090.html</subfield><subfield code="z">Ver texto completo en Bookreader</subfield></datafield></record></metadata></record>